<record><leader>00000cas a22000007a 4500</leader><controlfield tag="001">22575185</controlfield><controlfield tag="008">901024d186818uumauwr ne      0    0eng d</controlfield><datafield ind1=" " ind2=" " tag="010"><subfield code="a">sn 89063342 </subfield></datafield><datafield ind1=" " ind2=" " tag="040"><subfield code="a">MGN</subfield><subfield code="b">eng</subfield><subfield code="c">MGN</subfield><subfield code="d">CNW</subfield><subfield code="d">NYS</subfield><subfield code="d">OCLCQ</subfield><subfield code="d">OCLCF</subfield><subfield code="d">OCLCO</subfield></datafield><datafield ind1="1" ind2=" " tag="029"><subfield code="a">AU@</subfield><subfield code="b">000020275760</subfield></datafield><datafield ind1=" " ind2=" " tag="042"><subfield code="a">msc</subfield></datafield><datafield ind1=" " ind2=" " tag="043"><subfield code="a">n-us-ma</subfield></datafield><datafield ind1="0" ind2=" " tag="130"><subfield code="a">Hoosac Valley news (North Adams, Mass. : 1868)</subfield></datafield><datafield ind1="1" ind2="4" tag="245"><subfield code="a">The Hoosac Valley news.</subfield></datafield><datafield ind1=" " ind2=" " tag="260"><subfield code="a">North Adams, Mass. :</subfield><subfield code="b">Phillips &amp; Mandeville</subfield></datafield><datafield ind1=" " ind2=" " tag="300"><subfield code="a">v.</subfield></datafield><datafield ind1=" " ind2=" " tag="310"><subfield code="a">Weekly</subfield></datafield><datafield ind1="0" ind2=" " tag="362"><subfield code="a">Vol. 1, no. 1 (Jan. 2, 1868)-</subfield></datafield><datafield ind1=" " ind2="0" tag="651"><subfield code="a">North Adams (Mass.)</subfield><subfield code="v">Newspapers.</subfield></datafield><datafield ind1=" " ind2="7" tag="655"><subfield code="a">Newspapers.</subfield><subfield code="2">fast</subfield><subfield code="0">(OCoLC)fst01423814</subfield></datafield><datafield ind1=" " ind2="7" tag="651"><subfield code="a">Massachusetts</subfield><subfield code="z">North Adams.</subfield><subfield code="2">fast</subfield><subfield code="0">(OCoLC)fst01215186</subfield></datafield><datafield ind1=" " ind2=" " tag="752"><subfield code="a">United States</subfield><subfield code="b">Massachusetts</subfield><subfield code="c">Berkshire</subfield><subfield code="d">North Adams.</subfield></datafield><datafield ind1=" " ind2=" " tag="936"><subfield code="a">RECORD REPORTED FOR DELETION -- USE #9463201</subfield></datafield></record>